@article{matsubayashi2024index,
  title={Index of braking behaviour in two dimensions within risk perception},
  author={Matsubayashi, Shota and Miwa, Kazuhisa and Terai, Hitoshi and Ninomiya, Yuki},
  journal={Transportation research part F: traffic psychology and behaviour},
  volume={102},
  pages={164--176},
  year={2024},
  publisher={Elsevier}
}

